@inproceedings{mp84,
 author = {William Marsh and Barbara Partee},
 title = {How non-context-free is variable binding?},
 booktitle = {{Proceedings of the West Coast Conference on Formal Linguistics
               III}},
 editor = {M. Cobler and S. MacKaye and M. Wescoat},
 year = {1984},
 pages = {179-190},
 numpages = {12},
 url = {http://semanticsarchive.net/Archive/GE2YzhlO/MarshBHP84NonContextFreeVariableBinding.pdf},
}

@book{hu79,
 title={Introduction to automata theory, languages, and computation},
 author={Hopcroft, J.E. and Ullman, J.D.},
 isbn={9780201029888},
 lccn={lc78067950},
 series={Addison-Wesley series in computer science},
 url={http://books.google.com/books?id=i\_BQAAAAMAAJ},
 year={1979},
 publisher={Addison-Wesley}
}

@inproceedings{potts,
 title={{No Vacuous Quantification Constraints in Syntax}},
 author={{Christopher Potts}},
 booktitle={{Proceedings of NELS}},
 year={2002},
 volume={32},
 pages={451--470},
 numpages={20},
 issn={0883-5500}
}

@article{gp85,
 title={{Computationally Relevant Properties of Natural Languages and Their Grammars}},
 volume={3},
 number={24},
 journal={{New Generation Computing}},
 author={Gazdar, Gerald and Pullum, Geoffrey K.},
 year={1985},
 pages={273--306}
}
